<?xml version="1.0" encoding="UTF-8"?><collection xmlns="http://www.loc.gov/MARC21/slim"><record><leader>00678nam--2200193-i-4500</leader><controlfield tag="001">000020531</controlfield><controlfield tag="002">20161230</controlfield><controlfield tag="005">20161230201033</controlfield><controlfield tag="008">060222s1000------------r-----000-0-eng-d</controlfield><datafield ind1=" " ind2=" " tag="040"><subfield code="a">IFIN-HH</subfield></datafield><datafield ind1=" " ind2=" " tag="080"><subfield code="a">538.955(061.3)</subfield></datafield><datafield ind1="1" ind2=" " tag="100"><subfield code="a">Falicov, L.M</subfield></datafield><datafield ind1="1" ind2="0" tag="245"><subfield code="a">Magnetic properties of low-dimensional systems ii. new developments</subfield><subfield code="b">Proceedings of the second workshop, san luis potosi, mexico, may 23-26, 1989</subfield><subfield code="c">L.m. falicov, f. mejia-lira, j.l. moran-lopez (eds.)</subfield></datafield><datafield ind1=" " ind2=" " tag="260"><subfield code="a">Berlin</subfield><subfield code="b">Springer-verlag</subfield><subfield code="c">1990</subfield></datafield><datafield ind1=" " ind2=" " tag="300"><subfield code="a">IX+247 P</subfield></datafield><datafield ind1=" " ind2=" " tag="490"><subfield code="a">Springer Psroceedings In Physics. Vol.50</subfield></datafield><datafield ind1="1" ind2=" " tag="700"><subfield code="a">Moran-lopez, J.L</subfield><subfield code="e">Ed</subfield></datafield><datafield ind1=" " ind2=" " tag="852"><subfield code="a">78675</subfield><subfield code="c">53</subfield></datafield><datafield ind1=" " ind2=" " tag="CAT"><subfield code="a">Sys</subfield><subfield code="c">20150814</subfield><subfield code="h">120327</subfield></datafield></record></collection>